<?xml version="1.0" encoding="UTF-8"?>
<collection xmlns:xsi="http://www.w3.org/2001/XMLSchema-instance" xsi:schemaLocation="http://www.loc.gov/MARC21/slim http://www.loc.gov/standards/marcxml/schema/MARC21slim.xsd" xmlns="http://www.loc.gov/MARC21/slim">
<record>
  <leader>01150cam a2200253Mi 4500</leader>
  <controlfield tag="001">2957123</controlfield>
  <controlfield tag="003">NNC</controlfield>
  <controlfield tag="005">20160118123319.0</controlfield>
  <controlfield tag="008">890925s1927    ua            000 0 ara d</controlfield>
  <datafield tag="035" ind1=" " ind2=" ">
    <subfield code="9">ASK2193CU</subfield>
  </datafield>
  <datafield tag="035" ind1=" " ind2=" ">
    <subfield code="a">(OCoLC)ocm68139679</subfield>
  </datafield>
  <datafield tag="035" ind1=" " ind2=" ">
    <subfield code="a">(OCoLC)68139679</subfield>
  </datafield>
  <datafield tag="035" ind1=" " ind2=" ">
    <subfield code="a">(NNC)2957123</subfield>
  </datafield>
  <datafield tag="040" ind1=" " ind2=" ">
    <subfield code="a">EYM</subfield>
    <subfield code="b">eng</subfield>
    <subfield code="c">EYM</subfield>
    <subfield code="d">OCLCQ</subfield>
  </datafield>
  <datafield tag="100" ind1="1" ind2=" ">
    <subfield code="a">Janāyinī, Khalīl Muḥammad Ghunaym,</subfield>
    <subfield code="d">-1928.</subfield>
  </datafield>
  <datafield tag="245" ind1="1" ind2="3">
    <subfield code="a">al-Burhān al-waqqād fī al-radd Ibn al-Ḥaddād /</subfield>
    <subfield code="c">[li-muʼallifihi Khalīl Muḥammad Ghunaym al-Janāyinī ; yaraddu bihi ʻalá kitāb al-āyāt al-bayyināt li-Ibn al-Ḥaddād ; yalīhu thalāth risāʼil lil-māzinī wa-al-ibyārī wa-al-khalījī.</subfield>
  </datafield>
  <datafield tag="250" ind1=" " ind2=" ">
    <subfield code="a">al-Ṭabʻah 1.</subfield>
  </datafield>
  <datafield tag="260" ind1=" " ind2=" ">
    <subfield code="a">Miṣr :</subfield>
    <subfield code="b">Maṭbaʻat al-Ittifāq,</subfield>
    <subfield code="c">1927.</subfield>
  </datafield>
  <datafield tag="300" ind1=" " ind2=" ">
    <subfield code="a">94 pages ;</subfield>
    <subfield code="c">19 cm</subfield>
  </datafield>
  <datafield tag="336" ind1=" " ind2=" ">
    <subfield code="a">text</subfield>
    <subfield code="b">txt</subfield>
    <subfield code="2">rdacontent</subfield>
  </datafield>
  <datafield tag="337" ind1=" " ind2=" ">
    <subfield code="a">unmediated</subfield>
    <subfield code="b">n</subfield>
    <subfield code="2">rdamedia</subfield>
  </datafield>
  <datafield tag="338" ind1=" " ind2=" ">
    <subfield code="a">volume</subfield>
    <subfield code="b">nc</subfield>
    <subfield code="2">rdacarrier</subfield>
  </datafield>
  <datafield tag="776" ind1="0" ind2="8">
    <subfield code="i">Online version:</subfield>
    <subfield code="a">Janāyinī, Khalīl Muḥammad Ghunaym, -1928.</subfield>
    <subfield code="t">Burhān al-waqqād fī al-radd Ibn al-Ḥaddād.</subfield>
    <subfield code="b">al-Ṭabʻah 1.</subfield>
    <subfield code="d">Miṣr : Maṭbaʻat al-Ittifāq, 1927</subfield>
    <subfield code="w">(OCoLC)551586251</subfield>
  </datafield>
  <datafield tag="955" ind1=" " ind2=" ">
    <subfield code="b">CU55313809</subfield>
    <subfield code="d">off,glx</subfield>
    <subfield code="e">BP131.5 .J35</subfield>
  </datafield>
</record>
</collection>